@misc{imvu,
  author = {The IMVU team},
  title = {IMVU: 3D Avatar Free Chat, Make New Friends, Dress Up, Shop},
  howpublished = {\url{https://www.imvu.com/}},
  note = {Accessed: 2017-05-02}
}
@misc{fowlerci,
  author = {Martin Fowler},
  title = {Continuous Integration},
  howpublished = {\url{https://www.martinfowler.com/articles/continuousIntegration.html}},
  note = {Accessed: 2017-05-02}
}
@misc{jargon,
  author = {The CodingHorror team},
  title = {New Programming Jargon},
  howpublished = {\url{https://blog.codinghorror.com/new-programming-jargon/}},
  note = {Accessed: 2017-05-02}
}
@misc{semaphoreci,
  author = {Darko Fabijan},
  title = {Why We Need Continuous Integration},
  howpublished = {\url{https://semaphoreci.com/community/tutorials/continuous-integration}},
  note = {Accessed: 2017-05-03}
}
@misc{xkcd303,
  author = {Randall Munroe},
  title = {xkcd: Compiling},
  howpublished = {\url{https://xkcd.com/303/}},
  note = {Accessed: 2017-05-03}
}
@misc{explodedrepository,
  author = {The tuProlog team},
  title = {How not to maintain your dependencies},
  howpublished = {\url{https://bitbucket.org/danysk/exploded-repository-example}},
  note = {Accessed: 2017-05-05}
}
@misc{logback,
  author = {The LogBack team},
  title = {Logback Project},
  howpublished = {\url{https://logback.qos.ch/}},
  note = {Accessed: 2017-05-05}
}
@misc{slf4j,
  author = {The SLF4J team},
  title = {Simple Logging Facade for Java (SLF4J)},
  howpublished = {\url{https://www.slf4j.org/}},
  note = {Accessed: 2017-05-05}
}
@book{antlr4,
 author = {Parr, Terence},
 title = {The Definitive ANTLR 4 Reference},
 year = {2013},
 isbn = {1934356999, 9781934356999},
 edition = {2nd},
 publisher = {Pragmatic Bookshelf},
} 
@misc{travisbuild,
  author = {Travis CI},
  title = {The Build Environment},
  howpublished = {\url{https://docs.travis-ci.com/user/ci-environment/}},
  note = {Accessed: 2017-05-08}
}
@misc{travisdeploy,
  author = {Travis CI},
  title = {Deployment},
  howpublished = {\url{https://docs.travis-ci.com/user/deployment}},
  note = {Accessed: 2017-05-08}
}
@misc{travisjava,
  author = {Travis CI},
  title = {Building a Java project},
  howpublished = {\url{https://docs.travis-ci.com/user/languages/java/}},
  note = {Accessed: 2017-05-08}
}
@misc{alchemist-travis,
  author = {Danilo Pianini},
  title = {Alchemist Travis configuration},
  howpublished = {\url{https://github.com/AlchemistSimulator/Alchemist/blob/6cec5427836b505486e9e44c247b2ac15821f8f2/.travis.yml}},
  note = {Accessed: 2017-05-08}
}
@misc{protelis-travis,
  author = {Danilo Pianini},
  title = {Protelis Travis configuration},
  howpublished = {\url{https://github.com/Protelis/Protelis/blob/e6ac8910a9107e1c9aab647290919ec4af759656/.travis.yml}},
  note = {Accessed: 2017-05-08}
}
